%YAML 1.1
%TAG !u! tag:unity3d.com,2011:
--- !u!1001 &100100000
Prefab:
  m_ObjectHideFlags: 1
  serializedVersion: 2
  m_Modification:
    m_TransformParent: {fileID: 0}
    m_Modifications: []
    m_RemovedComponents: []
  m_ParentPrefab: {fileID: 0}
  m_RootGameObject: {fileID: 1604754209224546}
  m_IsPrefabParent: 1
--- !u!1 &1116126676815772
GameObject:
  m_ObjectHideFlags: 0
  m_PrefabParentObject: {fileID: 0}
  m_PrefabInternal: {fileID: 100100000}
  serializedVersion: 5
  m_Component:
  - component: {fileID: 4781977398909594}
  - component: {fileID: 33398353363180686}
  - component: {fileID: 23553081463580238}
  - component: {fileID: 65955043058853222}
  - component: {fileID: 114658323293154264}
  m_Layer: 0
  m_Name: "room:T\xFCr"
  m_TagString: Untagged
  m_Icon: {fileID: 0}
  m_NavMeshLayer: 0
  m_StaticEditorFlags: 0
  m_IsActive: 1
--- !u!1 &1546990835854034
GameObject:
  m_ObjectHideFlags: 0
  m_PrefabParentObject: {fileID: 0}
  m_PrefabInternal: {fileID: 100100000}
  serializedVersion: 5
  m_Component:
  - component: {fileID: 4221526378588142}
  - component: {fileID: 33040444323656194}
  - component: {fileID: 23800307391227372}
  - component: {fileID: 65427531486243508}
  - component: {fileID: 114893191529403302}
  - component: {fileID: 114984042330194352}
  m_Layer: 0
  m_Name: room:Klinke_Innen
  m_TagString: Untagged
  m_Icon: {fileID: 0}
  m_NavMeshLayer: 0
  m_StaticEditorFlags: 0
  m_IsActive: 1
--- !u!1 &1604754209224546
GameObject:
  m_ObjectHideFlags: 0
  m_PrefabParentObject: {fileID: 0}
  m_PrefabInternal: {fileID: 100100000}
  serializedVersion: 5
  m_Component:
  - component: {fileID: 4130239502130166}
  - component: {fileID: 114575811294500910}
  - component: {fileID: 114537117265402776}
  - component: {fileID: 114425048009540842}
  m_Layer: 0
  m_Name: tuer 1
  m_TagString: Untagged
  m_Icon: {fileID: 0}
  m_NavMeshLayer: 0
  m_StaticEditorFlags: 0
  m_IsActive: 1
--- !u!1 &1957900492570962
GameObject:
  m_ObjectHideFlags: 0
  m_PrefabParentObject: {fileID: 0}
  m_PrefabInternal: {fileID: 100100000}
  serializedVersion: 5
  m_Component:
  - component: {fileID: 4048449978784506}
  - component: {fileID: 33346763201011646}
  - component: {fileID: 23717357746678462}
  m_Layer: 0
  m_Name: room:Klinke_aussen
  m_TagString: Untagged
  m_Icon: {fileID: 0}
  m_NavMeshLayer: 0
  m_StaticEditorFlags: 0
  m_IsActive: 1
--- !u!4 &4048449978784506
Transform:
  m_ObjectHideFlags: 1
  m_PrefabParentObject: {fileID: 0}
  m_PrefabInternal: {fileID: 100100000}
  m_GameObject: {fileID: 1957900492570962}
  m_LocalRotation: {x: 0, y: 0.7071068, z: 0, w: 0.7071068}
  m_LocalPosition: {x: 1.2725209, y: 0.999, z: 0.017252654}
  m_LocalScale: {x: 2.0232463, y: 2.0232463, z: 2.0232463}
  m_Children: []
  m_Father: {fileID: 4130239502130166}
  m_RootOrder: 0
  m_LocalEulerAnglesHint: {x: 0, y: 0, z: 0}
--- !u!4 &4130239502130166
Transform:
  m_ObjectHideFlags: 1
  m_PrefabParentObject: {fileID: 0}
  m_PrefabInternal: {fileID: 100100000}
  m_GameObject: {fileID: 1604754209224546}
  m_LocalRotation: {x: -0, y: -0.7071068, z: -0, w: 0.7071068}
  m_LocalPosition: {x: -0.27800077, y: 0, z: 1.9909983}
  m_LocalScale: {x: 1.4085134, y: 1.4085104, z: 1.4085126}
  m_Children:
  - {fileID: 4048449978784506}
  - {fileID: 4221526378588142}
  - {fileID: 4781977398909594}
  m_Father: {fileID: 0}
  m_RootOrder: 0
  m_LocalEulerAnglesHint: {x: 0, y: -90, z: 0}
--- !u!4 &4221526378588142
Transform:
  m_ObjectHideFlags: 1
  m_PrefabParentObject: {fileID: 0}
  m_PrefabInternal: {fileID: 100100000}
  m_GameObject: {fileID: 1546990835854034}
  m_LocalRotation: {x: 0, y: 0.7071068, z: 0, w: 0.7071068}
  m_LocalPosition: {x: 1.164, y: 1.004, z: 0.017}
  m_LocalScale: {x: 2.0232463, y: 2.0232463, z: 2.0232463}
  m_Children: []
  m_Father: {fileID: 4130239502130166}
  m_RootOrder: 1
  m_LocalEulerAnglesHint: {x: 0, y: 0, z: 0}
--- !u!4 &4781977398909594
Transform:
  m_ObjectHideFlags: 1
  m_PrefabParentObject: {fileID: 0}
  m_PrefabInternal: {fileID: 100100000}
  m_GameObject: {fileID: 1116126676815772}
  m_LocalRotation: {x: 0, y: 0.7071068, z: 0, w: 0.7071068}
  m_LocalPosition: {x: 1.221, y: 1.040355, z: -0.91566}
  m_LocalScale: {x: 2.6493268, y: 2.0232463, z: 2.0232463}
  m_Children: []
  m_Father: {fileID: 4130239502130166}
  m_RootOrder: 2
  m_LocalEulerAnglesHint: {x: 0, y: 0, z: 0}
--- !u!23 &23553081463580238
MeshRenderer:
  m_ObjectHideFlags: 1
  m_PrefabParentObject: {fileID: 0}
  m_PrefabInternal: {fileID: 100100000}
  m_GameObject: {fileID: 1116126676815772}
  m_Enabled: 1
  m_CastShadows: 1
  m_ReceiveShadows: 1
  m_MotionVectors: 1
  m_LightProbeUsage: 1
  m_ReflectionProbeUsage: 1
  m_Materials:
  - {fileID: 2100000, guid: 7452d07fb1e6ce64997ca78403b6a694, type: 2}
  m_StaticBatchInfo:
    firstSubMesh: 0
    subMeshCount: 0
  m_StaticBatchRoot: {fileID: 0}
  m_ProbeAnchor: {fileID: 0}
  m_LightProbeVolumeOverride: {fileID: 0}
  m_ScaleInLightmap: 1
  m_PreserveUVs: 0
  m_IgnoreNormalsForChartDetection: 0
  m_ImportantGI: 0
  m_SelectedEditorRenderState: 3
  m_MinimumChartSize: 4
  m_AutoUVMaxDistance: 0.5
  m_AutoUVMaxAngle: 89
  m_LightmapParameters: {fileID: 0}
  m_SortingLayerID: 0
  m_SortingLayer: 0
  m_SortingOrder: 0
--- !u!23 &23717357746678462
MeshRenderer:
  m_ObjectHideFlags: 1
  m_PrefabParentObject: {fileID: 0}
  m_PrefabInternal: {fileID: 100100000}
  m_GameObject: {fileID: 1957900492570962}
  m_Enabled: 1
  m_CastShadows: 1
  m_ReceiveShadows: 1
  m_MotionVectors: 1
  m_LightProbeUsage: 1
  m_ReflectionProbeUsage: 1
  m_Materials:
  - {fileID: 2100000, guid: 37c42c4e7a4c84044bd2bc4db207005c, type: 2}
  - {fileID: 2100000, guid: b4b186a596bdd78469bd6dbad7e7d157, type: 2}
  m_StaticBatchInfo:
    firstSubMesh: 0
    subMeshCount: 0
  m_StaticBatchRoot: {fileID: 0}
  m_ProbeAnchor: {fileID: 0}
  m_LightProbeVolumeOverride: {fileID: 0}
  m_ScaleInLightmap: 1
  m_PreserveUVs: 0
  m_IgnoreNormalsForChartDetection: 0
  m_ImportantGI: 0
  m_SelectedEditorRenderState: 3
  m_MinimumChartSize: 4
  m_AutoUVMaxDistance: 0.5
  m_AutoUVMaxAngle: 89
  m_LightmapParameters: {fileID: 0}
  m_SortingLayerID: 0
  m_SortingLayer: 0
  m_SortingOrder: 0
--- !u!23 &23800307391227372
MeshRenderer:
  m_ObjectHideFlags: 1
  m_PrefabParentObject: {fileID: 0}
  m_PrefabInternal: {fileID: 100100000}
  m_GameObject: {fileID: 1546990835854034}
  m_Enabled: 1
  m_CastShadows: 1
  m_ReceiveShadows: 1
  m_MotionVectors: 1
  m_LightProbeUsage: 1
  m_ReflectionProbeUsage: 1
  m_Materials:
  - {fileID: 2100000, guid: 37c42c4e7a4c84044bd2bc4db207005c, type: 2}
  - {fileID: 2100000, guid: b4b186a596bdd78469bd6dbad7e7d157, type: 2}
  m_StaticBatchInfo:
    firstSubMesh: 0
    subMeshCount: 0
  m_StaticBatchRoot: {fileID: 0}
  m_ProbeAnchor: {fileID: 0}
  m_LightProbeVolumeOverride: {fileID: 0}
  m_ScaleInLightmap: 1
  m_PreserveUVs: 0
  m_IgnoreNormalsForChartDetection: 0
  m_ImportantGI: 0
  m_SelectedEditorRenderState: 3
  m_MinimumChartSize: 4
  m_AutoUVMaxDistance: 0.5
  m_AutoUVMaxAngle: 89
  m_LightmapParameters: {fileID: 0}
  m_SortingLayerID: 0
  m_SortingLayer: 0
  m_SortingOrder: 0
--- !u!33 &33040444323656194
MeshFilter:
  m_ObjectHideFlags: 1
  m_PrefabParentObject: {fileID: 0}
  m_PrefabInternal: {fileID: 100100000}
  m_GameObject: {fileID: 1546990835854034}
  m_Mesh: {fileID: 4300002, guid: bfaf356942d434c46a44173168318b23, type: 3}
--- !u!33 &33346763201011646
MeshFilter:
  m_ObjectHideFlags: 1
  m_PrefabParentObject: {fileID: 0}
  m_PrefabInternal: {fileID: 100100000}
  m_GameObject: {fileID: 1957900492570962}
  m_Mesh: {fileID: 4300000, guid: bfaf356942d434c46a44173168318b23, type: 3}
--- !u!33 &33398353363180686
MeshFilter:
  m_ObjectHideFlags: 1
  m_PrefabParentObject: {fileID: 0}
  m_PrefabInternal: {fileID: 100100000}
  m_GameObject: {fileID: 1116126676815772}
  m_Mesh: {fileID: 4300004, guid: bfaf356942d434c46a44173168318b23, type: 3}
--- !u!65 &65427531486243508
BoxCollider:
  m_ObjectHideFlags: 1
  m_PrefabParentObject: {fileID: 0}
  m_PrefabInternal: {fileID: 100100000}
  m_GameObject: {fileID: 1546990835854034}
  m_Material: {fileID: 0}
  m_IsTrigger: 1
  m_Enabled: 1
  serializedVersion: 2
  m_Size: {x: 0.09017433, y: 0.12063121, z: 0.029602673}
  m_Center: {x: 0.022602819, y: -0.0000003110617, z: -0.011290563}
--- !u!65 &65955043058853222
BoxCollider:
  m_ObjectHideFlags: 1
  m_PrefabParentObject: {fileID: 0}
  m_PrefabInternal: {fileID: 100100000}
  m_GameObject: {fileID: 1116126676815772}
  m_Material: {fileID: 0}
  m_IsTrigger: 0
  m_Enabled: 1
  serializedVersion: 2
  m_Size: {x: 0.4432109, y: 1.0177243, z: 0.044599775}
  m_Center: {x: -0.22004277, y: -0.000000059604645, z: 0.00000012852252}
--- !u!114 &114425048009540842
MonoBehaviour:
  m_ObjectHideFlags: 1
  m_PrefabParentObject: {fileID: 0}
  m_PrefabInternal: {fileID: 100100000}
  m_GameObject: {fileID: 1604754209224546}
  m_Enabled: 1
  m_EditorHideFlags: 0
  m_Script: {fileID: 11500000, guid: 6973a3c06ca6d484494390d4f3bf8819, type: 3}
  m_Name: 
  m_EditorClassIdentifier: 
  brightenMaterials: 1
  affectChildren: 1
  maxHighlight: 2
  fadeTime: 0.3
  flashHoldTime: 0
  callEvents: 0
  onHighlightOn:
    m_PersistentCalls:
      m_Calls: []
    m_TypeName: UnityEngine.Events.UnityEvent, UnityEngine, Version=0.0.0.0, Culture=neutral,
      PublicKeyToken=null
  onHighlightOff:
    m_PersistentCalls:
      m_Calls: []
    m_TypeName: UnityEngine.Events.UnityEvent, UnityEngine, Version=0.0.0.0, Culture=neutral,
      PublicKeyToken=null
--- !u!114 &114537117265402776
MonoBehaviour:
  m_ObjectHideFlags: 1
  m_PrefabParentObject: {fileID: 0}
  m_PrefabInternal: {fileID: 100100000}
  m_GameObject: {fileID: 1604754209224546}
  m_Enabled: 1
  m_EditorHideFlags: 0
  m_Script: {fileID: 11500000, guid: 07d8687c090c6484a8a99833bad30740, type: 3}
  m_Name: 
  m_EditorClassIdentifier: 
--- !u!114 &114575811294500910
MonoBehaviour:
  m_ObjectHideFlags: 1
  m_PrefabParentObject: {fileID: 0}
  m_PrefabInternal: {fileID: 100100000}
  m_GameObject: {fileID: 1604754209224546}
  m_Enabled: 1
  m_EditorHideFlags: 0
  m_Script: {fileID: 11500000, guid: 805b404574ae87f4ca03b3fdfa67c7af, type: 3}
  m_Name: 
  m_EditorClassIdentifier: 
  Gameobject: {fileID: 0}
  MeshObject: {fileID: 1604754209224546}
--- !u!114 &114658323293154264
MonoBehaviour:
  m_ObjectHideFlags: 1
  m_PrefabParentObject: {fileID: 0}
  m_PrefabInternal: {fileID: 100100000}
  m_GameObject: {fileID: 1116126676815772}
  m_Enabled: 1
  m_EditorHideFlags: 0
  m_Script: {fileID: 11500000, guid: 1b7c3ce72f27144c1be5a4a8ce09121d, type: 3}
  m_Name: 
  m_EditorClassIdentifier: 
  showInEditor: 1
  interactionSource: 0
  limitToCamera: {fileID: 0}
  hotspotName: Door
  lineID: -1
  highlight: {fileID: 114425048009540842}
  walkToMarker: {fileID: 0}
  centrePoint: {fileID: 0}
  provideUseInteraction: 1
  useButton:
    interaction: {fileID: 0}
    assetFile: {fileID: 0}
    customScriptObject: {fileID: 0}
    customScriptFunction: 
    isDisabled: 0
    invID: 0
    iconID: -1
    selectItemMode: 0
    playerAction: 0
    setProximity: 0
    proximity: 1
    faceAfter: 0
    isBlocking: 0
    parameterID: -1
  useButtons:
  - interaction: {fileID: 0}
    assetFile: {fileID: 0}
    customScriptObject: {fileID: 0}
    customScriptFunction: 
    isDisabled: 0
    invID: 0
    iconID: 2
    selectItemMode: 0
    playerAction: 0
    setProximity: 0
    proximity: 1
    faceAfter: 0
    isBlocking: 0
    parameterID: -1
  - interaction: {fileID: 0}
    assetFile: {fileID: 0}
    customScriptObject: {fileID: 0}
    customScriptFunction: 
    isDisabled: 1
    invID: 0
    iconID: 0
    selectItemMode: 0
    playerAction: 0
    setProximity: 0
    proximity: 1
    faceAfter: 0
    isBlocking: 0
    parameterID: -1
  oneClick: 0
  provideLookInteraction: 0
  lookButton:
    interaction: {fileID: 0}
    assetFile: {fileID: 0}
    customScriptObject: {fileID: 0}
    customScriptFunction: 
    isDisabled: 0
    invID: 0
    iconID: -1
    selectItemMode: 0
    playerAction: 0
    setProximity: 0
    proximity: 1
    faceAfter: 0
    isBlocking: 0
    parameterID: -1
  provideInvInteraction: 0
  invButtons: []
  provideUnhandledInvInteraction: 0
  unhandledInvButton:
    interaction: {fileID: 0}
    assetFile: {fileID: 0}
    customScriptObject: {fileID: 0}
    customScriptFunction: 
    isDisabled: 0
    invID: 0
    iconID: -1
    selectItemMode: 0
    playerAction: 0
    setProximity: 0
    proximity: 1
    faceAfter: 0
    isBlocking: 0
    parameterID: -1
  drawGizmos: 1
  lastInteractionIndex: 0
  displayLineID: -1
  iconSortingLayer: 
  iconSortingOrder: 0
  doubleClickingHotspot: 0
  playerTurnsHead: 1
--- !u!114 &114893191529403302
MonoBehaviour:
  m_ObjectHideFlags: 1
  m_PrefabParentObject: {fileID: 0}
  m_PrefabInternal: {fileID: 100100000}
  m_GameObject: {fileID: 1546990835854034}
  m_Enabled: 1
  m_EditorHideFlags: 0
  m_Script: {fileID: 11500000, guid: 1b7c3ce72f27144c1be5a4a8ce09121d, type: 3}
  m_Name: 
  m_EditorClassIdentifier: 
  showInEditor: 1
  interactionSource: 0
  limitToCamera: {fileID: 0}
  hotspotName: Lock
  lineID: -1
  highlight: {fileID: 114984042330194352}
  walkToMarker: {fileID: 0}
  centrePoint: {fileID: 0}
  provideUseInteraction: 0
  useButton:
    interaction: {fileID: 0}
    assetFile: {fileID: 0}
    customScriptObject: {fileID: 0}
    customScriptFunction: 
    isDisabled: 0
    invID: 0
    iconID: -1
    selectItemMode: 0
    playerAction: 0
    setProximity: 0
    proximity: 1
    faceAfter: 0
    isBlocking: 0
    parameterID: -1
  useButtons: []
  oneClick: 0
  provideLookInteraction: 0
  lookButton:
    interaction: {fileID: 0}
    assetFile: {fileID: 0}
    customScriptObject: {fileID: 0}
    customScriptFunction: 
    isDisabled: 0
    invID: 0
    iconID: -1
    selectItemMode: 0
    playerAction: 0
    setProximity: 0
    proximity: 1
    faceAfter: 0
    isBlocking: 0
    parameterID: -1
  provideInvInteraction: 1
  invButtons:
  - interaction: {fileID: 0}
    assetFile: {fileID: 0}
    customScriptObject: {fileID: 0}
    customScriptFunction: 
    isDisabled: 0
    invID: 2
    iconID: -1
    selectItemMode: 0
    playerAction: 0
    setProximity: 0
    proximity: 1
    faceAfter: 0
    isBlocking: 0
    parameterID: -1
  provideUnhandledInvInteraction: 0
  unhandledInvButton:
    interaction: {fileID: 0}
    assetFile: {fileID: 0}
    customScriptObject: {fileID: 0}
    customScriptFunction: 
    isDisabled: 0
    invID: 0
    iconID: -1
    selectItemMode: 0
    playerAction: 0
    setProximity: 0
    proximity: 1
    faceAfter: 0
    isBlocking: 0
    parameterID: -1
  drawGizmos: 1
  lastInteractionIndex: 0
  displayLineID: -1
  iconSortingLayer: 
  iconSortingOrder: 0
  doubleClickingHotspot: 0
  playerTurnsHead: 1
--- !u!114 &114984042330194352
MonoBehaviour:
  m_ObjectHideFlags: 1
  m_PrefabParentObject: {fileID: 0}
  m_PrefabInternal: {fileID: 100100000}
  m_GameObject: {fileID: 1546990835854034}
  m_Enabled: 1
  m_EditorHideFlags: 0
  m_Script: {fileID: 11500000, guid: 6973a3c06ca6d484494390d4f3bf8819, type: 3}
  m_Name: 
  m_EditorClassIdentifier: 
  brightenMaterials: 1
  affectChildren: 1
  maxHighlight: 2
  fadeTime: 0.3
  flashHoldTime: 0
  callEvents: 0
  onHighlightOn:
    m_PersistentCalls:
      m_Calls: []
    m_TypeName: UnityEngine.Events.UnityEvent, UnityEngine, Version=0.0.0.0, Culture=neutral,
      PublicKeyToken=null
  onHighlightOff:
    m_PersistentCalls:
      m_Calls: []
    m_TypeName: UnityEngine.Events.UnityEvent, UnityEngine, Version=0.0.0.0, Culture=neutral,
      PublicKeyToken=null
